<record><leader>00000cas a22000007a 4500</leader><controlfield tag="001">10581784</controlfield><controlfield tag="008">840331d19071916ohucr ne      0    0eng d</controlfield><datafield ind1=" " ind2=" " tag="010"><subfield code="a">sn 84028185 </subfield></datafield><datafield ind1=" " ind2=" " tag="040"><subfield code="a">NPY</subfield><subfield code="b">eng</subfield><subfield code="c">NPY</subfield><subfield code="d">ONP</subfield><subfield code="d">NVF</subfield><subfield code="d">NYS</subfield><subfield code="d">OCLCQ</subfield><subfield code="d">OCLCF</subfield><subfield code="d">OCLCO</subfield></datafield><datafield ind1="1" ind2=" " tag="029"><subfield code="a">AU@</subfield><subfield code="b">000020532073</subfield></datafield><datafield ind1=" " ind2=" " tag="042"><subfield code="a">msc</subfield></datafield><datafield ind1=" " ind2=" " tag="043"><subfield code="a">n-us-oh</subfield></datafield><datafield ind1="0" ind2="4" tag="245"><subfield code="a">The Painesville telegraph and Painesville Republican.</subfield></datafield><datafield ind1="1" ind2="7" tag="246"><subfield code="a">Telegraph</subfield><subfield code="f">Jan. 1-Feb. 8, 1907</subfield></datafield><datafield ind1="1" ind2="7" tag="246"><subfield code="a">Telegraph-Republican</subfield><subfield code="f">Feb. 12, 1907-Mar. 5, 1915</subfield></datafield><datafield ind1="1" ind2="7" tag="246"><subfield code="a">Painesville telegraph-Republican</subfield><subfield code="f">Mar. 9, 1915-1916</subfield></datafield><datafield ind1=" " ind2=" " tag="260"><subfield code="a">Painesville [Ohio] :</subfield><subfield code="b">Telegraph Republican Co.,</subfield><subfield code="c">1907-1916.</subfield></datafield><datafield ind1=" " ind2=" " tag="300"><subfield code="a">v.</subfield></datafield><datafield ind1=" " ind2=" " tag="310"><subfield code="a">Semiweekly</subfield></datafield><datafield ind1="0" ind2=" " tag="362"><subfield code="a">85th year, no. 6 (Jan. 1, 1907)-94th year, no. 60 (July 28, 1916).</subfield></datafield><datafield ind1=" " ind2=" " tag="500"><subfield code="a">Republican.</subfield></datafield><datafield ind1=" " ind2=" " tag="515"><subfield code="a">92 year, no. 1 (Jan. 2, 1914) misdated 1913.</subfield></datafield><datafield ind1=" " ind2=" " tag="580"><subfield code="a">Daily ed.: Telegraph-Republican.</subfield></datafield><datafield ind1=" " ind2="0" tag="651"><subfield code="a">Painesville (Ohio)</subfield><subfield code="v">Newspapers.</subfield></datafield><datafield ind1=" " ind2="0" tag="651"><subfield code="a">Lake County (Ohio)</subfield><subfield code="v">Newspapers.</subfield></datafield><datafield ind1=" " ind2="7" tag="655"><subfield code="a">Newspapers.</subfield><subfield code="2">fast</subfield><subfield code="0">(OCoLC)fst01423814</subfield></datafield><datafield ind1=" " ind2="7" tag="651"><subfield code="a">Ohio</subfield><subfield code="z">Lake County.</subfield><subfield code="2">fast</subfield><subfield code="0">(OCoLC)fst01205662</subfield></datafield><datafield ind1=" " ind2="7" tag="651"><subfield code="a">Ohio</subfield><subfield code="z">Painesville.</subfield><subfield code="2">fast</subfield><subfield code="0">(OCoLC)fst01238531</subfield></datafield><datafield ind1=" " ind2=" " tag="752"><subfield code="a">United States</subfield><subfield code="b">Ohio</subfield><subfield code="c">Lake</subfield><subfield code="d">Painesville.</subfield></datafield><datafield ind1="1" ind2=" " tag="775"><subfield code="t">Telegraph-Republican</subfield><subfield code="w">(DLC)sn 84028188</subfield></datafield><datafield ind1="0" ind2="4" tag="780"><subfield code="t">Painesville Republican (Painesville, Ohio : 1902)</subfield><subfield code="w">(DLC)sn 84028184</subfield></datafield><datafield ind1="0" ind2="4" tag="780"><subfield code="t">Painesville telegraph (Painesville, Ohio : 1845)</subfield><subfield code="w">(DLC)sn 84028174</subfield></datafield></record>